%-----BPBPBPBPBPBPBPBPBPBPBPBPBPBPBPBPBP-----
%-----BPBPBP   Bakalářské práce   BPBPBP-----
%-----BPBPBPBPBPBPBPBPBPBPBPBPBPBPBPBPBP-----


%-------------------2009---------------------
@MASTERSTHESIS{MastersThesis:VANA_DP,
  AUTHOR =       "\textsc{Váňa,~J.}",
  TITLE =        "{Pokročilé řízení portálového jeřábu}",
  SCHOOL =       "{ČVUT v~Praze, FEL}",
  YEAR =         "2009",
  type =         "{(Diplomová práce)}",
  address =      "Praha",
  month =        "6",
}

@MASTERSTHESIS{MastersThesis:BOBEK_BP,
  AUTHOR =       "\textsc{Bobek,~R.}",
  TITLE =        "{Výukové materiály pro modelování dynamických systémů}",
  SCHOOL =       "{ČVUT v~Praze, FEL}",
  YEAR =         "2009",
  type =         "{(Bakalářská práce)}",
  address =      "Praha",
  month =        "6",
}

@MASTERSTHESIS{MastersThesis:HAJEK_BP,
  AUTHOR =       "\textsc{Hájek,~J.}",
  TITLE =        "{Rozšíření webových stránek laboratoře~K26}",
  SCHOOL =       "{ČVUT v~Praze, FEL}",
  YEAR =         "2009",
  type =         "{(Bakalářská práce)}",
  address =      "Praha",
  month =        "6",
}

@MASTERSTHESIS{MastersThesis:KRICKA_BP,
  AUTHOR =       "\textsc{Křička,~J.}",
  TITLE =        "{Virtuální modely k~modelům v~laboratoři~26}",
  SCHOOL =       "{ČVUT v~Praze, FEL}",
  YEAR =         "2009",
  type =         "{(Bakalářská práce)}",
  address =      "Praha",
  month =        "6",
}

@MASTERSTHESIS{MastersThesis:MACHAC_BP,
  AUTHOR =       "\textsc{Machač,~J.}",
  TITLE =        "{Studijní materiály pro modelování systémů v~Matlabu}",
  SCHOOL =       "{ČVUT v~Praze, FEL}",
  YEAR =         "2009",
  type =         "{(Bakalářská práce)}",
  address =      "Praha",
  month =        "6",
}

@MASTERSTHESIS{MastersThesis:PECKA_BP,
  AUTHOR =       "\textsc{Pecka,~J.}",
  TITLE =        "{Identifikace a~řízení laboratorního modelu Pružného ramene}",
  SCHOOL =       "{ČVUT v~Praze, FEL}",
  YEAR =         "2009",
  type =         "{(Bakalářská práce)}",
  address =      "Praha",
  month =        "6",
}



%-------------------2008---------------------
@MASTERSTHESIS{MastersThesis:HOLECEK_BP,
  AUTHOR =       "\textsc{Holeček,~J.}",
  TITLE =        "{Webové stránky laboratoře~K26}",
  SCHOOL =       "{ČVUT v~Praze, FEL}",
  YEAR =         "2008",
  type =         "{(Bakalářská práce)}",
  address =      "Praha",
  month =        "6",
}

@MASTERSTHESIS{MastersThesis:JONAS_BP,
  AUTHOR =       "\textsc{Jonáš,~K.}",
  TITLE =        "{GUI pro návrh PID regulátorů}",
  SCHOOL =       "{ČVUT v~Praze, FEL}",
  YEAR =         "2008",
  type =         "{(Bakalářská práce)}",
  address =      "Praha",
  month =        "6",
}

@MASTERSTHESIS{MastersThesis:PECH_BP,
  AUTHOR =       "\textsc{Pech,~M.}",
  TITLE =        "{Podpora výuky řídicí techniky}",
  SCHOOL =       "{ČVUT v~Praze, FEL}",
  YEAR =         "2008",
  type =         "{(Bakalářská práce)}",
  address =      "Praha",
  month =        "6",
}

@MASTERSTHESIS{MastersThesis:PROCHAZKA_BP,
  AUTHOR =       "\textsc{Procházka,~P.}",
  TITLE =        "{Modelování fyzikálních systémů ve Virtual Reality Toolboxu}",
  SCHOOL =       "{ČVUT v~Praze, FEL}",
  YEAR =         "2008",
  type =         "{(Bakalářská práce)}",
  address =      "Praha",
  month =        "6",
}

@MASTERSTHESIS{MastersThesis:SIBA_BP,
  AUTHOR =       "\textsc{\v S\'iba,~J.}",
  TITLE =        "{Příklady pro identifikaci dynamických systémů}",
  SCHOOL =       "{ČVUT v~Praze, FEL}",
  YEAR =         "2008",
  type =         "{(Bakalářská práce)}",
  address =      "Praha",
  month =        "6",
}



%-------------------2007---------------------
@MASTERSTHESIS{MastersThesis:BOCEK_BP,
  AUTHOR =       "\textsc{Boček,~K.}",
  TITLE =        "{Modelování fyzikálních systémů ve Virtual Reality Toolboxu}",
  SCHOOL =       "{ČVUT v~Praze, FEL}",
  YEAR =         "2007",
  type =         "{(Bakalářská práce)}",
  address =      "Praha",
  month =        "6",
}

@MASTERSTHESIS{MastersThesis:ROMAN_BP,
  AUTHOR =       "\textsc{Roman,~M.}",
  TITLE =        "{Podpora výuky řídicí techniky v~bakalářském studiu}",
  SCHOOL =       "{ČVUT v~Praze, FEL}",
  YEAR =         "2007",
  type =         "{(Bakalářská práce)}",
  address =      "Praha",
  month =        "6",
}

@MASTERSTHESIS{MastersThesis:VANA_BP,
  AUTHOR =       "\textsc{Váňa,~J.}",
  TITLE =        "{Fyzikální modely ve Virtual Reality Toolboxu}",
  SCHOOL =       "{ČVUT v~Praze, FEL}",
  YEAR =         "2007",
  type =         "{(Bakalářská práce)}",
  address =      "Praha",
  month =        "6",
}



%-------------------2006---------------------
@MASTERSTHESIS{MastersThesis:PESEK_BP,
  AUTHOR =       "\textsc{Pešek,~T.}",
  TITLE =        "{Podpora výuky regulační techniky v~bakalářském studiu (model Amira)}",
  SCHOOL =       "{ČVUT v~Praze, FEL}",
  YEAR =         "2006",
  type =         "{(Bakalářská práce)}",
  address =      "Praha",
  month =        "6",
}

@MASTERSTHESIS{MastersThesis:SEMELIKOVA_BP,
  AUTHOR =       "\textsc{\v Semelíková,~A.}",
  TITLE =        "{Podpora výuky regulační techniky v~bakalářském studiu (model Helikoptéra)}",
  SCHOOL =       "{ČVUT v~Praze, FEL}",
  YEAR =         "2006",
  type =         "{(Bakalářská práce)}",
  address =      "Praha",
  month =        "6",
}

@MASTERSTHESIS{MastersThesis:STEFFL_BP,
  AUTHOR =       "\textsc{Šteffl,~L.}",
  TITLE =        "{Podpora výuky regulační techniky v~bakalářském studiu (model Vodárna)}",
  SCHOOL =       "{ČVUT v~Praze, FEL}",
  YEAR =         "2006",
  type =         "{(Bakalářská práce)}",
  address =      "Praha",
  month =        "6",
}
%-----BPBPBPBPBPBPBPBPBPBPBPBPBPBPBPBPBP-----
